%YAML 1.1
%TAG !u! tag:unity3d.com,2011:
--- !u!1 &302417479771027638
GameObject:
  m_ObjectHideFlags: 0
  m_CorrespondingSourceObject: {fileID: 0}
  m_PrefabInstance: {fileID: 0}
  m_PrefabAsset: {fileID: 0}
  serializedVersion: 6
  m_Component:
  - component: {fileID: 7820358289553684274}
  m_Layer: 0
  m_Name: VentanaSalida1
  m_TagString: Untagged
  m_Icon: {fileID: 0}
  m_NavMeshLayer: 0
  m_StaticEditorFlags: 0
  m_IsActive: 1
--- !u!4 &7820358289553684274
Transform:
  m_ObjectHideFlags: 0
  m_CorrespondingSourceObject: {fileID: 0}
  m_PrefabInstance: {fileID: 0}
  m_PrefabAsset: {fileID: 0}
  m_GameObject: {fileID: 302417479771027638}
  serializedVersion: 2
  m_LocalRotation: {x: 0, y: 0, z: 0, w: 1}
  m_LocalPosition: {x: -5.6440997, y: 1.2717, z: 9.370299}
  m_LocalScale: {x: 1, y: 1, z: 1}
  m_ConstrainProportionsScale: 0
  m_Children:
  - {fileID: 7621539918161036609}
  - {fileID: 5485782067232561421}
  - {fileID: 7373901649880512831}
  m_Father: {fileID: 0}
  m_LocalEulerAnglesHint: {x: 0, y: 0, z: 0}
--- !u!1 &2989391283664794184
GameObject:
  m_ObjectHideFlags: 0
  m_CorrespondingSourceObject: {fileID: 0}
  m_PrefabInstance: {fileID: 0}
  m_PrefabAsset: {fileID: 0}
  serializedVersion: 6
  m_Component:
  - component: {fileID: 5485782067232561421}
  - component: {fileID: 7075189811325411033}
  - component: {fileID: 8730302717580585096}
  - component: {fileID: 7326040455890369984}
  - component: {fileID: 8957556248344860187}
  - component: {fileID: 7002731999468732478}
  m_Layer: 0
  m_Name: AristaLateral(I) (2)
  m_TagString: Untagged
  m_Icon: {fileID: 0}
  m_NavMeshLayer: 0
  m_StaticEditorFlags: 0
  m_IsActive: 1
--- !u!4 &5485782067232561421
Transform:
  m_ObjectHideFlags: 0
  m_CorrespondingSourceObject: {fileID: 0}
  m_PrefabInstance: {fileID: 0}
  m_PrefabAsset: {fileID: 0}
  m_GameObject: {fileID: 2989391283664794184}
  serializedVersion: 2
  m_LocalRotation: {x: -0, y: -0, z: 0.7071068, w: 0.7071068}
  m_LocalPosition: {x: 1.1392999, y: -0.14908242, z: -0.13679981}
  m_LocalScale: {x: 0.41660804, y: 1.8210367, z: 1.1265514}
  m_ConstrainProportionsScale: 0
  m_Children: []
  m_Father: {fileID: 7820358289553684274}
  m_LocalEulerAnglesHint: {x: 0, y: 0, z: 90}
--- !u!114 &7075189811325411033
MonoBehaviour:
  m_ObjectHideFlags: 0
  m_CorrespondingSourceObject: {fileID: 0}
  m_PrefabInstance: {fileID: 0}
  m_PrefabAsset: {fileID: 0}
  m_GameObject: {fileID: 2989391283664794184}
  m_Enabled: 1
  m_EditorHideFlags: 0
  m_Script: {fileID: 11500000, guid: 8233d90336aea43098adf6dbabd606a2, type: 3}
  m_Name: 
  m_EditorClassIdentifier: 
  m_MeshFormatVersion: 2
  m_Faces:
  - m_Indexes: 000000000100000002000000010000000300000002000000
    m_SmoothingGroup: 0
    m_Uv:
      m_UseWorldSpace: 0
      m_FlipU: 0
      m_FlipV: 0
      m_SwapUV: 0
      m_Fill: 1
      m_Scale: {x: 1, y: 1}
      m_Offset: {x: 0, y: 0}
      m_Rotation: 0
      m_Anchor: 9
    m_Material: {fileID: 0}
    m_SubmeshIndex: 0
    m_ManualUV: 0
    elementGroup: -1
    m_TextureGroup: -1
  - m_Indexes: 040000000500000006000000050000000700000006000000
    m_SmoothingGroup: 0
    m_Uv:
      m_UseWorldSpace: 0
      m_FlipU: 0
      m_FlipV: 0
      m_SwapUV: 0
      m_Fill: 1
      m_Scale: {x: 1, y: 1}
      m_Offset: {x: 0, y: 0}
      m_Rotation: 0
      m_Anchor: 9
    m_Material: {fileID: 0}
    m_SubmeshIndex: 0
    m_ManualUV: 0
    elementGroup: -1
    m_TextureGroup: -1
  - m_Indexes: 08000000090000000a000000090000000b0000000a000000
    m_SmoothingGroup: 0
    m_Uv:
      m_UseWorldSpace: 0
      m_FlipU: 0
      m_FlipV: 0
      m_SwapUV: 0
      m_Fill: 1
      m_Scale: {x: 1, y: 1}
      m_Offset: {x: 0, y: 0}
      m_Rotation: 0
      m_Anchor: 9
    m_Material: {fileID: 0}
    m_SubmeshIndex: 0
    m_ManualUV: 0
    elementGroup: -1
    m_TextureGroup: -1
  - m_Indexes: 0c0000000d0000000e0000000d0000000f0000000e000000
    m_SmoothingGroup: 0
    m_Uv:
      m_UseWorldSpace: 0
      m_FlipU: 0
      m_FlipV: 0
      m_SwapUV: 0
      m_Fill: 1
      m_Scale: {x: 1, y: 1}
      m_Offset: {x: 0, y: 0}
      m_Rotation: 0
      m_Anchor: 9
    m_Material: {fileID: 0}
    m_SubmeshIndex: 0
    m_ManualUV: 0
    elementGroup: -1
    m_TextureGroup: -1
  - m_Indexes: 100000001100000012000000110000001300000012000000
    m_SmoothingGroup: 0
    m_Uv:
      m_UseWorldSpace: 0
      m_FlipU: 0
      m_FlipV: 0
      m_SwapUV: 0
      m_Fill: 1
      m_Scale: {x: 1, y: 1}
      m_Offset: {x: 0, y: 0}
      m_Rotation: 0
      m_Anchor: 9
    m_Material: {fileID: 0}
    m_SubmeshIndex: 0
    m_ManualUV: 0
    elementGroup: -1
    m_TextureGroup: -1
  - m_Indexes: 140000001500000016000000150000001700000016000000
    m_SmoothingGroup: 0
    m_Uv:
      m_UseWorldSpace: 0
      m_FlipU: 0
      m_FlipV: 0
      m_SwapUV: 0
      m_Fill: 1
      m_Scale: {x: 1, y: 1}
      m_Offset: {x: 0, y: 0}
      m_Rotation: 0
      m_Anchor: 9
    m_Material: {fileID: 0}
    m_SubmeshIndex: 0
    m_ManualUV: 0
    elementGroup: -1
    m_TextureGroup: -1
  m_SharedVertices:
  - m_Vertices: 000000000d00000016000000
  - m_Vertices: 010000000400000017000000
  - m_Vertices: 020000000f00000010000000
  - m_Vertices: 030000000600000011000000
  - m_Vertices: 050000000800000015000000
  - m_Vertices: 070000000a00000013000000
  - m_Vertices: 090000000c00000014000000
  - m_Vertices: 0b0000000e00000012000000
  m_SharedTextures: []
  m_Positions:
  - {x: -2.5000005, y: 0.00060428056, z: 0.025000343}
  - {x: 3.1112366, y: 0.000604659, z: 0.025002884}
  - {x: -2.5, y: 0.1, z: 0.025}
  - {x: 3.111236, y: 0.10000019, z: 0.025002271}
  - {x: 3.1112366, y: 0.000604659, z: 0.025002884}
  - {x: 3.1112366, y: 0.000604659, z: -0.024997335}
  - {x: 3.111236, y: 0.10000019, z: 0.025002271}
  - {x: 3.111236, y: 0.10000019, z: -0.024997948}
  - {x: 3.1112366, y: 0.000604659, z: -0.024997335}
  - {x: -2.5000005, y: 0.00060428056, z: -0.024999876}
  - {x: 3.111236, y: 0.10000019, z: -0.024997948}
  - {x: -2.5, y: 0.1, z: -0.025}
  - {x: -2.5000005, y: 0.00060428056, z: -0.024999876}
  - {x: -2.5000005, y: 0.00060428056, z: 0.025000343}
  - {x: -2.5, y: 0.1, z: -0.025}
  - {x: -2.5, y: 0.1, z: 0.025}
  - {x: -2.5, y: 0.1, z: 0.025}
  - {x: 3.111236, y: 0.10000019, z: 0.025002271}
  - {x: -2.5, y: 0.1, z: -0.025}
  - {x: 3.111236, y: 0.10000019, z: -0.024997948}
  - {x: -2.5000005, y: 0.00060428056, z: -0.024999876}
  - {x: 3.1112366, y: 0.000604659, z: -0.024997335}
  - {x: -2.5000005, y: 0.00060428056, z: 0.025000343}
  - {x: 3.1112366, y: 0.000604659, z: 0.025002884}
  m_Textures0:
  - {x: 2.5000005, y: 0.00060419436}
  - {x: -3.1112366, y: 0.0006045728}
  - {x: 2.5, y: 0.09999991}
  - {x: -3.111236, y: 0.1000001}
  - {x: 0.025002884, y: 0.00058973324}
  - {x: -0.024997335, y: 0.00058973324}
  - {x: 0.025002271, y: 0.099985264}
  - {x: -0.024997948, y: 0.099985264}
  - {x: 3.1112366, y: 0.00060481316}
  - {x: -2.5000005, y: 0.0006044347}
  - {x: 3.111236, y: 0.100000344}
  - {x: -2.5, y: 0.10000016}
  - {x: 0.024999876, y: 0.00059228716}
  - {x: -0.025000343, y: 0.00059228716}
  - {x: 0.025, y: 0.099988006}
  - {x: -0.025, y: 0.099988006}
  - {x: -2.5, y: 0.025}
  - {x: 3.111236, y: 0.025002271}
  - {x: -2.5, y: -0.025}
  - {x: 3.111236, y: -0.024997948}
  - {x: 2.5000005, y: -0.024999876}
  - {x: -3.1112366, y: -0.024997335}
  - {x: 2.5000005, y: 0.025000343}
  - {x: -3.1112366, y: 0.025002884}
  m_Textures2: []
  m_Textures3: []
  m_Tangents:
  - {x: -1, y: 5.0558126e-15, z: -0.00000045277883, w: -1}
  - {x: -1, y: 2.5277697e-15, z: -0.00000042871255, w: -1}
  - {x: -1, y: 2.5277697e-15, z: -0.00000042871255, w: -1}
  - {x: -1, y: 0, z: -0.00000040464624, w: -1}
  - {x: 0, y: 0, z: 1, w: -1}
  - {x: 0, y: 0, z: 1, w: -1}
  - {x: 0, y: 0, z: 1, w: -1}
  - {x: 0, y: 0, z: 1, w: -1}
  - {x: 1, y: 0, z: 0.000000452779, w: -1}
  - {x: 1, y: 0, z: 0.0000004092935, w: -1}
  - {x: 1, y: 0, z: 0.0000004092935, w: -1}
  - {x: 1, y: 0, z: 0.000000365808, w: -1}
  - {x: 0, y: 0, z: -1, w: -1}
  - {x: 0, y: 0, z: -1, w: -1}
  - {x: 0, y: 0, z: -1, w: -1}
  - {x: 0, y: 0, z: -1, w: -1}
  - {x: 1, y: 0.000000033194915, z: 0, w: -1}
  - {x: 1, y: 0.000000033194915, z: 0, w: -1}
  - {x: 1, y: 0.000000033194915, z: 0, w: -1}
  - {x: 1, y: 0.000000033194915, z: 0, w: -1}
  - {x: -1, y: -0.000000067447914, z: 0, w: -1}
  - {x: -1, y: -0.000000067447914, z: 0, w: -1}
  - {x: -1, y: -0.000000067447914, z: 0, w: -1}
  - {x: -1, y: -0.000000067447914, z: 0, w: -1}
  m_Colors: []
  m_UnwrapParameters:
    m_HardAngle: 88
    m_PackMargin: 20
    m_AngleError: 8
    m_AreaError: 15
  m_PreserveMeshAssetOnDestroy: 0
  assetGuid: 
  m_Mesh: {fileID: 0}
  m_VersionIndex: 4025
  m_IsSelectable: 1
  m_SelectedFaces: 
  m_SelectedEdges: []
  m_SelectedVertices: 
--- !u!114 &8730302717580585096
MonoBehaviour:
  m_ObjectHideFlags: 0
  m_CorrespondingSourceObject: {fileID: 0}
  m_PrefabInstance: {fileID: 0}
  m_PrefabAsset: {fileID: 0}
  m_GameObject: {fileID: 2989391283664794184}
  m_Enabled: 1
  m_EditorHideFlags: 0
  m_Script: {fileID: 11500000, guid: 1ca002da428252441b92f28d83c8a65f, type: 3}
  m_Name: 
  m_EditorClassIdentifier: 
  m_Shape:
    rid: 8108708305401020421
  m_Size: {x: 5, y: 0.2, z: 0.05}
  m_Rotation: {x: 0, y: 0, z: 0, w: 1}
  m_PivotLocation: 0
  m_PivotPosition: {x: 0, y: 0, z: 0}
  m_UnmodifiedMeshVersion: 3473
  m_ShapeBox:
    m_Center: {x: 0, y: 0, z: 0}
    m_Extent: {x: 2.5, y: 0.1, z: 0.025}
  references:
    version: 2
    RefIds:
    - rid: 8108708305401020421
      type: {class: Cube, ns: UnityEngine.ProBuilder.Shapes, asm: Unity.ProBuilder}
      data: 
--- !u!23 &7326040455890369984
MeshRenderer:
  m_ObjectHideFlags: 0
  m_CorrespondingSourceObject: {fileID: 0}
  m_PrefabInstance: {fileID: 0}
  m_PrefabAsset: {fileID: 0}
  m_GameObject: {fileID: 2989391283664794184}
  m_Enabled: 1
  m_CastShadows: 1
  m_ReceiveShadows: 1
  m_DynamicOccludee: 1
  m_StaticShadowCaster: 0
  m_MotionVectors: 1
  m_LightProbeUsage: 1
  m_ReflectionProbeUsage: 1
  m_RayTracingMode: 2
  m_RayTraceProcedural: 0
  m_RenderingLayerMask: 1
  m_RendererPriority: 0
  m_Materials:
  - {fileID: 2100000, guid: 05e8a2169b8d9f447971387c4a62181f, type: 2}
  m_StaticBatchInfo:
    firstSubMesh: 0
    subMeshCount: 0
  m_StaticBatchRoot: {fileID: 0}
  m_ProbeAnchor: {fileID: 0}
  m_LightProbeVolumeOverride: {fileID: 0}
  m_ScaleInLightmap: 1
  m_ReceiveGI: 1
  m_PreserveUVs: 0
  m_IgnoreNormalsForChartDetection: 0
  m_ImportantGI: 0
  m_StitchLightmapSeams: 1
  m_SelectedEditorRenderState: 2
  m_MinimumChartSize: 4
  m_AutoUVMaxDistance: 0.5
  m_AutoUVMaxAngle: 89
  m_LightmapParameters: {fileID: 0}
  m_SortingLayerID: 0
  m_SortingLayer: 0
  m_SortingOrder: 0
  m_AdditionalVertexStreams: {fileID: 0}
--- !u!33 &8957556248344860187
MeshFilter:
  m_ObjectHideFlags: 0
  m_CorrespondingSourceObject: {fileID: 0}
  m_PrefabInstance: {fileID: 0}
  m_PrefabAsset: {fileID: 0}
  m_GameObject: {fileID: 2989391283664794184}
  m_Mesh: {fileID: 0}
--- !u!64 &7002731999468732478
MeshCollider:
  m_ObjectHideFlags: 0
  m_CorrespondingSourceObject: {fileID: 0}
  m_PrefabInstance: {fileID: 0}
  m_PrefabAsset: {fileID: 0}
  m_GameObject: {fileID: 2989391283664794184}
  m_Material: {fileID: 0}
  m_IncludeLayers:
    serializedVersion: 2
    m_Bits: 0
  m_ExcludeLayers:
    serializedVersion: 2
    m_Bits: 0
  m_LayerOverridePriority: 0
  m_IsTrigger: 0
  m_ProvidesContacts: 0
  m_Enabled: 1
  serializedVersion: 5
  m_Convex: 0
  m_CookingOptions: 30
  m_Mesh: {fileID: 0}
--- !u!1 &4520874781450853248
GameObject:
  m_ObjectHideFlags: 0
  m_CorrespondingSourceObject: {fileID: 0}
  m_PrefabInstance: {fileID: 0}
  m_PrefabAsset: {fileID: 0}
  serializedVersion: 6
  m_Component:
  - component: {fileID: 7621539918161036609}
  - component: {fileID: 1397956542645434790}
  - component: {fileID: 6909885454983448134}
  m_Layer: 0
  m_Name: Box003 (2)
  m_TagString: Untagged
  m_Icon: {fileID: 0}
  m_NavMeshLayer: 0
  m_StaticEditorFlags: 0
  m_IsActive: 1
--- !u!4 &7621539918161036609
Transform:
  m_ObjectHideFlags: 0
  m_CorrespondingSourceObject: {fileID: 0}
  m_PrefabInstance: {fileID: 0}
  m_PrefabAsset: {fileID: 0}
  m_GameObject: {fileID: 4520874781450853248}
  serializedVersion: 2
  m_LocalRotation: {x: -0, y: 0.7071068, z: 0.7071068, w: 0}
  m_LocalPosition: {x: 0.005300045, y: -1.24074, z: -0.13409996}
  m_LocalScale: {x: 3.1906867, y: 0.97179455, z: 1.7471945}
  m_ConstrainProportionsScale: 0
  m_Children: []
  m_Father: {fileID: 7820358289553684274}
  m_LocalEulerAnglesHint: {x: -90, y: 90, z: 90}
--- !u!33 &1397956542645434790
MeshFilter:
  m_ObjectHideFlags: 0
  m_CorrespondingSourceObject: {fileID: 0}
  m_PrefabInstance: {fileID: 0}
  m_PrefabAsset: {fileID: 0}
  m_GameObject: {fileID: 4520874781450853248}
  m_Mesh: {fileID: 690106047850165013, guid: 3fb5819d305b49f4faec579edfc8e2de, type: 3}
--- !u!23 &6909885454983448134
MeshRenderer:
  m_ObjectHideFlags: 0
  m_CorrespondingSourceObject: {fileID: 0}
  m_PrefabInstance: {fileID: 0}
  m_PrefabAsset: {fileID: 0}
  m_GameObject: {fileID: 4520874781450853248}
  m_Enabled: 1
  m_CastShadows: 1
  m_ReceiveShadows: 1
  m_DynamicOccludee: 1
  m_StaticShadowCaster: 0
  m_MotionVectors: 1
  m_LightProbeUsage: 1
  m_ReflectionProbeUsage: 1
  m_RayTracingMode: 2
  m_RayTraceProcedural: 0
  m_RenderingLayerMask: 1
  m_RendererPriority: 0
  m_Materials:
  - {fileID: -3948765446125736854, guid: 3fb5819d305b49f4faec579edfc8e2de, type: 3}
  m_StaticBatchInfo:
    firstSubMesh: 0
    subMeshCount: 0
  m_StaticBatchRoot: {fileID: 0}
  m_ProbeAnchor: {fileID: 0}
  m_LightProbeVolumeOverride: {fileID: 0}
  m_ScaleInLightmap: 1
  m_ReceiveGI: 1
  m_PreserveUVs: 0
  m_IgnoreNormalsForChartDetection: 0
  m_ImportantGI: 0
  m_StitchLightmapSeams: 1
  m_SelectedEditorRenderState: 3
  m_MinimumChartSize: 4
  m_AutoUVMaxDistance: 0.5
  m_AutoUVMaxAngle: 89
  m_LightmapParameters: {fileID: 0}
  m_SortingLayerID: 0
  m_SortingLayer: 0
  m_SortingOrder: 0
  m_AdditionalVertexStreams: {fileID: 0}
--- !u!1 &4925013086558122512
GameObject:
  m_ObjectHideFlags: 0
  m_CorrespondingSourceObject: {fileID: 0}
  m_PrefabInstance: {fileID: 0}
  m_PrefabAsset: {fileID: 0}
  serializedVersion: 6
  m_Component:
  - component: {fileID: 7373901649880512831}
  - component: {fileID: 7806214873743241849}
  - component: {fileID: 4732176259928595127}
  - component: {fileID: 4502631382862083887}
  - component: {fileID: 2522547555466708055}
  - component: {fileID: 2756778222922628248}
  m_Layer: 0
  m_Name: AristaLateral(I) (5)
  m_TagString: Untagged
  m_Icon: {fileID: 0}
  m_NavMeshLayer: 0
  m_StaticEditorFlags: 0
  m_IsActive: 1
--- !u!4 &7373901649880512831
Transform:
  m_ObjectHideFlags: 0
  m_CorrespondingSourceObject: {fileID: 0}
  m_PrefabInstance: {fileID: 0}
  m_PrefabAsset: {fileID: 0}
  m_GameObject: {fileID: 4925013086558122512}
  serializedVersion: 2
  m_LocalRotation: {x: -0, y: -0, z: 0.7071068, w: 0.7071068}
  m_LocalPosition: {x: -0.9728999, y: -0.14908242, z: -0.13899994}
  m_LocalScale: {x: 0.41660804, y: 1.8210367, z: 1.1265514}
  m_ConstrainProportionsScale: 0
  m_Children: []
  m_Father: {fileID: 7820358289553684274}
  m_LocalEulerAnglesHint: {x: 0, y: 0, z: 90}
--- !u!114 &7806214873743241849
MonoBehaviour:
  m_ObjectHideFlags: 0
  m_CorrespondingSourceObject: {fileID: 0}
  m_PrefabInstance: {fileID: 0}
  m_PrefabAsset: {fileID: 0}
  m_GameObject: {fileID: 4925013086558122512}
  m_Enabled: 1
  m_EditorHideFlags: 0
  m_Script: {fileID: 11500000, guid: 8233d90336aea43098adf6dbabd606a2, type: 3}
  m_Name: 
  m_EditorClassIdentifier: 
  m_MeshFormatVersion: 2
  m_Faces:
  - m_Indexes: 000000000100000002000000010000000300000002000000
    m_SmoothingGroup: 0
    m_Uv:
      m_UseWorldSpace: 0
      m_FlipU: 0
      m_FlipV: 0
      m_SwapUV: 0
      m_Fill: 1
      m_Scale: {x: 1, y: 1}
      m_Offset: {x: 0, y: 0}
      m_Rotation: 0
      m_Anchor: 9
    m_Material: {fileID: 0}
    m_SubmeshIndex: 0
    m_ManualUV: 0
    elementGroup: -1
    m_TextureGroup: -1
  - m_Indexes: 040000000500000006000000050000000700000006000000
    m_SmoothingGroup: 0
    m_Uv:
      m_UseWorldSpace: 0
      m_FlipU: 0
      m_FlipV: 0
      m_SwapUV: 0
      m_Fill: 1
      m_Scale: {x: 1, y: 1}
      m_Offset: {x: 0, y: 0}
      m_Rotation: 0
      m_Anchor: 9
    m_Material: {fileID: 0}
    m_SubmeshIndex: 0
    m_ManualUV: 0
    elementGroup: -1
    m_TextureGroup: -1
  - m_Indexes: 08000000090000000a000000090000000b0000000a000000
    m_SmoothingGroup: 0
    m_Uv:
      m_UseWorldSpace: 0
      m_FlipU: 0
      m_FlipV: 0
      m_SwapUV: 0
      m_Fill: 1
      m_Scale: {x: 1, y: 1}
      m_Offset: {x: 0, y: 0}
      m_Rotation: 0
      m_Anchor: 9
    m_Material: {fileID: 0}
    m_SubmeshIndex: 0
    m_ManualUV: 0
    elementGroup: -1
    m_TextureGroup: -1
  - m_Indexes: 0c0000000d0000000e0000000d0000000f0000000e000000
    m_SmoothingGroup: 0
    m_Uv:
      m_UseWorldSpace: 0
      m_FlipU: 0
      m_FlipV: 0
      m_SwapUV: 0
      m_Fill: 1
      m_Scale: {x: 1, y: 1}
      m_Offset: {x: 0, y: 0}
      m_Rotation: 0
      m_Anchor: 9
    m_Material: {fileID: 0}
    m_SubmeshIndex: 0
    m_ManualUV: 0
    elementGroup: -1
    m_TextureGroup: -1
  - m_Indexes: 100000001100000012000000110000001300000012000000
    m_SmoothingGroup: 0
    m_Uv:
      m_UseWorldSpace: 0
      m_FlipU: 0
      m_FlipV: 0
      m_SwapUV: 0
      m_Fill: 1
      m_Scale: {x: 1, y: 1}
      m_Offset: {x: 0, y: 0}
      m_Rotation: 0
      m_Anchor: 9
    m_Material: {fileID: 0}
    m_SubmeshIndex: 0
    m_ManualUV: 0
    elementGroup: -1
    m_TextureGroup: -1
  - m_Indexes: 140000001500000016000000150000001700000016000000
    m_SmoothingGroup: 0
    m_Uv:
      m_UseWorldSpace: 0
      m_FlipU: 0
      m_FlipV: 0
      m_SwapUV: 0
      m_Fill: 1
      m_Scale: {x: 1, y: 1}
      m_Offset: {x: 0, y: 0}
      m_Rotation: 0
      m_Anchor: 9
    m_Material: {fileID: 0}
    m_SubmeshIndex: 0
    m_ManualUV: 0
    elementGroup: -1
    m_TextureGroup: -1
  m_SharedVertices:
  - m_Vertices: 000000000d00000016000000
  - m_Vertices: 010000000400000017000000
  - m_Vertices: 020000000f00000010000000
  - m_Vertices: 030000000600000011000000
  - m_Vertices: 050000000800000015000000
  - m_Vertices: 070000000a00000013000000
  - m_Vertices: 090000000c00000014000000
  - m_Vertices: 0b0000000e00000012000000
  m_SharedTextures: []
  m_Positions:
  - {x: -2.5000014, y: -0.015046206, z: 0.02500237}
  - {x: 3.11124, y: -0.015045828, z: 0.02500491}
  - {x: -2.5, y: 0.1, z: 0.025}
  - {x: 3.111236, y: 0.10000019, z: 0.025002271}
  - {x: 3.11124, y: -0.015045828, z: 0.02500491}
  - {x: 3.11124, y: -0.015045828, z: -0.024995308}
  - {x: 3.111236, y: 0.10000019, z: 0.025002271}
  - {x: 3.111236, y: 0.10000019, z: -0.024997948}
  - {x: 3.11124, y: -0.015045828, z: -0.024995308}
  - {x: -2.5000014, y: -0.015046206, z: -0.024997849}
  - {x: 3.111236, y: 0.10000019, z: -0.024997948}
  - {x: -2.5, y: 0.1, z: -0.025}
  - {x: -2.5000014, y: -0.015046206, z: -0.024997849}
  - {x: -2.5000014, y: -0.015046206, z: 0.02500237}
  - {x: -2.5, y: 0.1, z: -0.025}
  - {x: -2.5, y: 0.1, z: 0.025}
  - {x: -2.5, y: 0.1, z: 0.025}
  - {x: 3.111236, y: 0.10000019, z: 0.025002271}
  - {x: -2.5, y: 0.1, z: -0.025}
  - {x: 3.111236, y: 0.10000019, z: -0.024997948}
  - {x: -2.5000014, y: -0.015046206, z: -0.024997849}
  - {x: 3.11124, y: -0.015045828, z: -0.024995308}
  - {x: -2.5000014, y: -0.015046206, z: 0.02500237}
  - {x: 3.11124, y: -0.015045828, z: 0.02500491}
  m_Textures0:
  - {x: 2.5000014, y: -0.015046721}
  - {x: -3.11124, y: -0.015046343}
  - {x: 2.5, y: 0.09999949}
  - {x: -3.111236, y: 0.09999967}
  - {x: 0.02500491, y: -0.015148991}
  - {x: -0.024995308, y: -0.015148991}
  - {x: 0.025002271, y: 0.09989703}
  - {x: -0.024997948, y: 0.09989703}
  - {x: 3.11124, y: -0.0150452545}
  - {x: -2.5000014, y: -0.015045633}
  - {x: 3.111236, y: 0.10000076}
  - {x: -2.5, y: 0.100000575}
  - {x: 0.024997849, y: -0.015077292}
  - {x: -0.02500237, y: -0.015077292}
  - {x: 0.025, y: 0.09996892}
  - {x: -0.025, y: 0.09996892}
  - {x: -2.5, y: 0.025}
  - {x: 3.111236, y: 0.025002271}
  - {x: -2.5, y: -0.025}
  - {x: 3.111236, y: -0.024997948}
  - {x: 2.5000014, y: -0.024997849}
  - {x: -3.11124, y: -0.024995308}
  - {x: 2.5000014, y: 0.02500237}
  - {x: -3.11124, y: 0.02500491}
  m_Textures2: []
  m_Textures3: []
  m_Tangents:
  - {x: -1, y: 0, z: -0.00000045277963, w: -1}
  - {x: -1, y: 0, z: -0.00000042871324, w: -1}
  - {x: -1, y: 0, z: -0.00000042871324, w: -1}
  - {x: -1, y: 0, z: -0.0000004046468, w: -1}
  - {x: 0, y: 0, z: 1, w: -1}
  - {x: 0, y: 0, z: 1, w: -1}
  - {x: 0, y: 0, z: 1, w: -1}
  - {x: 0, y: 0, z: 1, w: -1}
  - {x: 1, y: 0, z: 0.0000004527798, w: -1}
  - {x: 1, y: 0, z: 0.00000040929422, w: -1}
  - {x: 1, y: 0, z: 0.00000040929422, w: -1}
  - {x: 1, y: 0, z: 0.0000003658086, w: -1}
  - {x: 0, y: 0, z: -1, w: -1}
  - {x: 0, y: 0, z: -1, w: -1}
  - {x: 0, y: 0, z: -1, w: -1}
  - {x: 0, y: 0, z: -1, w: -1}
  - {x: 1, y: 0.000000033194915, z: 0, w: -1}
  - {x: 1, y: 0.000000033194915, z: 0, w: -1}
  - {x: 1, y: 0.000000033194915, z: 0, w: -1}
  - {x: 1, y: 0.000000033194915, z: 0, w: -1}
  - {x: -1, y: -0.00000006738562, z: 0, w: -1}
  - {x: -1, y: -0.00000006738562, z: 0, w: -1}
  - {x: -1, y: -0.00000006738562, z: 0, w: -1}
  - {x: -1, y: -0.00000006738562, z: 0, w: -1}
  m_Colors: []
  m_UnwrapParameters:
    m_HardAngle: 88
    m_PackMargin: 20
    m_AngleError: 8
    m_AreaError: 15
  m_PreserveMeshAssetOnDestroy: 0
  assetGuid: 
  m_Mesh: {fileID: 0}
  m_VersionIndex: 4058
  m_IsSelectable: 1
  m_SelectedFaces: 
  m_SelectedEdges: []
  m_SelectedVertices: 
--- !u!114 &4732176259928595127
MonoBehaviour:
  m_ObjectHideFlags: 0
  m_CorrespondingSourceObject: {fileID: 0}
  m_PrefabInstance: {fileID: 0}
  m_PrefabAsset: {fileID: 0}
  m_GameObject: {fileID: 4925013086558122512}
  m_Enabled: 1
  m_EditorHideFlags: 0
  m_Script: {fileID: 11500000, guid: 1ca002da428252441b92f28d83c8a65f, type: 3}
  m_Name: 
  m_EditorClassIdentifier: 
  m_Shape:
    rid: 8108708305401020421
  m_Size: {x: 5, y: 0.2, z: 0.05}
  m_Rotation: {x: 0, y: 0, z: 0, w: 1}
  m_PivotLocation: 0
  m_PivotPosition: {x: 0, y: 0, z: 0}
  m_UnmodifiedMeshVersion: 3473
  m_ShapeBox:
    m_Center: {x: 0, y: 0, z: 0}
    m_Extent: {x: 2.5, y: 0.1, z: 0.025}
  references:
    version: 2
    RefIds:
    - rid: 8108708305401020421
      type: {class: Cube, ns: UnityEngine.ProBuilder.Shapes, asm: Unity.ProBuilder}
      data: 
--- !u!23 &4502631382862083887
MeshRenderer:
  m_ObjectHideFlags: 0
  m_CorrespondingSourceObject: {fileID: 0}
  m_PrefabInstance: {fileID: 0}
  m_PrefabAsset: {fileID: 0}
  m_GameObject: {fileID: 4925013086558122512}
  m_Enabled: 1
  m_CastShadows: 1
  m_ReceiveShadows: 1
  m_DynamicOccludee: 1
  m_StaticShadowCaster: 0
  m_MotionVectors: 1
  m_LightProbeUsage: 1
  m_ReflectionProbeUsage: 1
  m_RayTracingMode: 2
  m_RayTraceProcedural: 0
  m_RenderingLayerMask: 1
  m_RendererPriority: 0
  m_Materials:
  - {fileID: 2100000, guid: 05e8a2169b8d9f447971387c4a62181f, type: 2}
  m_StaticBatchInfo:
    firstSubMesh: 0
    subMeshCount: 0
  m_StaticBatchRoot: {fileID: 0}
  m_ProbeAnchor: {fileID: 0}
  m_LightProbeVolumeOverride: {fileID: 0}
  m_ScaleInLightmap: 1
  m_ReceiveGI: 1
  m_PreserveUVs: 0
  m_IgnoreNormalsForChartDetection: 0
  m_ImportantGI: 0
  m_StitchLightmapSeams: 1
  m_SelectedEditorRenderState: 2
  m_MinimumChartSize: 4
  m_AutoUVMaxDistance: 0.5
  m_AutoUVMaxAngle: 89
  m_LightmapParameters: {fileID: 0}
  m_SortingLayerID: 0
  m_SortingLayer: 0
  m_SortingOrder: 0
  m_AdditionalVertexStreams: {fileID: 0}
--- !u!33 &2522547555466708055
MeshFilter:
  m_ObjectHideFlags: 0
  m_CorrespondingSourceObject: {fileID: 0}
  m_PrefabInstance: {fileID: 0}
  m_PrefabAsset: {fileID: 0}
  m_GameObject: {fileID: 4925013086558122512}
  m_Mesh: {fileID: 0}
--- !u!64 &2756778222922628248
MeshCollider:
  m_ObjectHideFlags: 0
  m_CorrespondingSourceObject: {fileID: 0}
  m_PrefabInstance: {fileID: 0}
  m_PrefabAsset: {fileID: 0}
  m_GameObject: {fileID: 4925013086558122512}
  m_Material: {fileID: 0}
  m_IncludeLayers:
    serializedVersion: 2
    m_Bits: 0
  m_ExcludeLayers:
    serializedVersion: 2
    m_Bits: 0
  m_LayerOverridePriority: 0
  m_IsTrigger: 0
  m_ProvidesContacts: 0
  m_Enabled: 1
  serializedVersion: 5
  m_Convex: 0
  m_CookingOptions: 30
  m_Mesh: {fileID: 0}
